<?xml version="1.0" encoding="UTF-8"?><collection xmlns="http://www.loc.gov/MARC21/slim"><record><leader>00501nam--2200169-i-4500</leader><controlfield tag="001">000005054</controlfield><controlfield tag="002">20161230</controlfield><controlfield tag="005">20161230201026</controlfield><controlfield tag="008">060222s1000------------r-----000-0-eng-d</controlfield><datafield ind1=" " ind2=" " tag="080"><subfield code="a">517</subfield></datafield><datafield ind1=" " ind2=" " tag="100"><subfield code="a">Bruijn, N.G.De</subfield></datafield><datafield ind1=" " ind2=" " tag="245"><subfield code="a">Asymptotic methods in analysis</subfield></datafield><datafield ind1=" " ind2=" " tag="260"><subfield code="a">Amsterdam, North-holland Publ.Co., 1958</subfield></datafield><datafield ind1=" " ind2=" " tag="300"><subfield code="a">XII + 200 P</subfield></datafield><datafield ind1=" " ind2=" " tag="490"><subfield code="a">BIBLIOTHECA MATHEMATICA. A Series of Monographs on Pure and Applied Mathematics</subfield><subfield code="v">Vol. IV</subfield></datafield><datafield ind1=" " ind2=" " tag="852"><subfield code="a">15442</subfield><subfield code="c">517</subfield></datafield><datafield ind1=" " ind2=" " tag="CAT"><subfield code="a">Sys</subfield><subfield code="c">20080617</subfield><subfield code="h">115113</subfield></datafield></record></collection>